@Book{xie2015,
  title = {Dynamic Documents with {R} and knitr},
  author = {Yihui Xie},
  publisher = {Chapman and Hall/CRC},
  address = {Boca Raton, Florida},
  year = {2015},
  edition = {2nd},
  note = {ISBN 978-1498716963},
  url = {http://yihui.org/knitr/},
}
@Book{xie2019,
  title = {R Markdown: The Definitive Guide},
  author = {Yihui Xie, J. J. Allaire, Garrett Grolemund},
  publisher = {Chapman and Hall/CRC},
  address = {Boca Raton, Florida},
  year = {2019},
  edition = {1st},
  note = {ISBN 978-1138359338},
  url = {http://yihui.org/knitr/},
}

@Book{hadley2017,
  title = {R for Data Science},
  author = {Hadley Wickham, Garrett Grolemund},
  publisher = {O'Reilly Media},
  year = {2017},
  edition = {1st},
  note = {ISBN 978-1491910399},
  url = {http://yihui.org/knitr/},
}
